<?xml version="1.0" encoding="UTF-8"?>
<!--Sample XML file generated by XMLSpy v2013 rel. 2 (x64) (http://www.altova.com)-->
<PMRQ:CBIPaymentRequest xsi:schemaLocation="urn:CBI:xsd:CBIPaymentRequest.00.04.00 CBIPaymentRequest.00.04.00.xsd" xmlns:PMRQ="urn:CBI:xsd:CBIPaymentRequest.00.04.00" xmlns:xsi="http://www.w3.org/2001/XMLSchema-instance">
	<PMRQ:GrpHdr>
		<PMRQ:MsgId>20133281307140001</PMRQ:MsgId>
		<PMRQ:CreDtTm>2013-11-24T13:07:14+01:00</PMRQ:CreDtTm>
		<PMRQ:NbOfTxs>1</PMRQ:NbOfTxs>
		<PMRQ:CtrlSum>2000.00</PMRQ:CtrlSum>
		<PMRQ:InitgPty>
			<PMRQ:Nm>IMPRESA SRL</PMRQ:Nm>
			<PMRQ:Id>
				<PMRQ:OrgId>
					<PMRQ:Othr>
						<PMRQ:Id>1006322V</PMRQ:Id>
						<PMRQ:Issr>CBI</PMRQ:Issr>
					</PMRQ:Othr>
				</PMRQ:OrgId>
			</PMRQ:Id>
		</PMRQ:InitgPty>
		<PMRQ:FwdgAgt>
			<PMRQ:FinInstnId>
				<PMRQ:ClrSysMmbId>
					<PMRQ:MmbId>a</PMRQ:MmbId>
				</PMRQ:ClrSysMmbId>
			</PMRQ:FinInstnId>
		</PMRQ:FwdgAgt>
	</PMRQ:GrpHdr>
	<PMRQ:PmtInf>
		<PMRQ:PmtInfId>20133281307140001</PMRQ:PmtInfId>
		<PMRQ:PmtMtd>TRA</PMRQ:PmtMtd>
		<PMRQ:BtchBookg>false</PMRQ:BtchBookg>
		<PMRQ:PmtTpInf>
			<PMRQ:InstrPrty>NORM</PMRQ:InstrPrty>
			<PMRQ:SvcLvl>
				<PMRQ:Cd>SEPA</PMRQ:Cd>
			</PMRQ:SvcLvl>
		</PMRQ:PmtTpInf>
		<PMRQ:ReqdExctnDt>2013-11-24</PMRQ:ReqdExctnDt>
		<PMRQ:Dbtr>
			<PMRQ:Nm>IMPRESA SRL</PMRQ:Nm>
			<PMRQ:Id>
				<PMRQ:OrgId>
					<PMRQ:Othr>
						<PMRQ:Id>000123456789</PMRQ:Id>
					</PMRQ:Othr>
				</PMRQ:OrgId>
			</PMRQ:Id>
		</PMRQ:Dbtr>
		<PMRQ:DbtrAcct>
			<PMRQ:Id>
				<PMRQ:IBAN>IT89S9999999999999999999999</PMRQ:IBAN>
			</PMRQ:Id>
		</PMRQ:DbtrAcct>
		<PMRQ:DbtrAgt>
			<PMRQ:FinInstnId>
				<PMRQ:ClrSysMmbId>
					<PMRQ:MmbId>99999</PMRQ:MmbId>
				</PMRQ:ClrSysMmbId>
			</PMRQ:FinInstnId>
		</PMRQ:DbtrAgt>
		<PMRQ:ChrgBr>SLEV</PMRQ:ChrgBr>
		<PMRQ:CdtTrfTxInf>
			<PMRQ:PmtId>
				<PMRQ:InstrId>1</PMRQ:InstrId>
				<PMRQ:EndToEndId>20133281307140001</PMRQ:EndToEndId>
			</PMRQ:PmtId>
			<PMRQ:PmtTpInf>
				<PMRQ:CtgyPurp>
					<PMRQ:Cd>SALA</PMRQ:Cd>
				</PMRQ:CtgyPurp>
			</PMRQ:PmtTpInf>
			<PMRQ:Amt>
				<PMRQ:InstdAmt Ccy="EUR">2000.00</PMRQ:InstdAmt>
			</PMRQ:Amt>
			<PMRQ:Cdtr>
				<PMRQ:Nm>MARIO ROSSI</PMRQ:Nm>
				<PMRQ:Id>
					<PMRQ:OrgId>
						<PMRQ:Othr>
							<PMRQ:Id>RSSMRA55S17H501W</PMRQ:Id>
							<PMRQ:Issr>ADE</PMRQ:Issr>
						</PMRQ:Othr>
					</PMRQ:OrgId>
				</PMRQ:Id>
			</PMRQ:Cdtr>
			<PMRQ:CdtrAcct>
				<PMRQ:Id>
					<PMRQ:IBAN>IT48Y0760103200000069016772</PMRQ:IBAN>
				</PMRQ:Id>
			</PMRQ:CdtrAcct>
			<PMRQ:RmtInf>
				<PMRQ:Ustrd>STIPENDIO MESE DI NOVEMBRE 2013</PMRQ:Ustrd>
			</PMRQ:RmtInf>
		</PMRQ:CdtTrfTxInf>
	</PMRQ:PmtInf>
</PMRQ:CBIPaymentRequest>
