<?xml version="1.0" encoding="UTF-8"?>
<!--Sample XML file generated by XMLSpy v2013 rel. 2 (x64) (http://www.altova.com)-->
<CBIPaymentRequest xsi:schemaLocation="urn:CBI:xsd:CBIPaymentRequest.00.04.00 CBIPaymentRequest.00.04.00.xsd" xmlns="urn:CBI:xsd:CBIPaymentRequest.00.04.00" xmlns:xsi="http://www.w3.org/2001/XMLSchema-instance">
	<GrpHdr>
		<MsgId>20133281307140001</MsgId>
		<CreDtTm>2013-11-24T13:07:14+01:00</CreDtTm>
		<NbOfTxs>1</NbOfTxs>
		<CtrlSum>5000.00</CtrlSum>
		<InitgPty>
			<Nm>IMPRESA SRL</Nm>
			<Id>
				<OrgId>
					<Othr>
						<Id>1006322V</Id>
						<Issr>CBI</Issr>
					</Othr>
				</OrgId>
			</Id>
		</InitgPty>
		<FwdgAgt>
			<FinInstnId>
				<ClrSysMmbId>
					<MmbId>a</MmbId>
				</ClrSysMmbId>
			</FinInstnId>
		</FwdgAgt>
	</GrpHdr>
	<PmtInf>
		<PmtInfId>20133281307140001</PmtInfId>
		<PmtMtd>TRA</PmtMtd>
		<BtchBookg>false</BtchBookg>
		<PmtTpInf>
			<InstrPrty>NORM</InstrPrty>
			<SvcLvl>
				<Cd>SEPA</Cd>
			</SvcLvl>
		</PmtTpInf>
		<ReqdExctnDt>2013-11-24</ReqdExctnDt>
		<Dbtr>
			<Nm>IMPRESA SRL</Nm>
			<Id>
				<OrgId>
					<Othr>
						<Id>00123456789</Id>
					</Othr>
				</OrgId>
			</Id>
		</Dbtr>
		<DbtrAcct>
			<Id>
				<IBAN>IT89S9999999999999999999999</IBAN>
			</Id>
		</DbtrAcct>
		<DbtrAgt>
			<FinInstnId>
				<ClrSysMmbId>
					<MmbId>99999</MmbId>
				</ClrSysMmbId>
			</FinInstnId>
		</DbtrAgt>
		<ChrgBr>SLEV</ChrgBr>
		<CdtTrfTxInf>
			<PmtId>
				<InstrId>1</InstrId>
				<EndToEndId>20133281307140001</EndToEndId>
			</PmtId>
			<PmtTpInf>
				<CtgyPurp>
					<Cd>SUPP</Cd>
				</CtgyPurp>
			</PmtTpInf>
			<Amt>
				<InstdAmt Ccy="EUR">5000.00</InstdAmt>
			</Amt>
			<Cdtr>
				<Nm>COSTRUTTORE SPA</Nm>
				<Id>
					<OrgId>
						<Othr>
							<Id>00123123123</Id>
							<Issr>ADE</Issr>
						</Othr>
					</OrgId>
				</Id>
			</Cdtr>
			<CdtrAcct>
				<Id>
					<IBAN>IT48Y0760103200000069016772</IBAN>
				</Id>
			</CdtrAcct>
			<RmtInf>
				<Ustrd>SALDO FATTURA 6 DEL 30/06/13</Ustrd>
			</RmtInf>
		</CdtTrfTxInf>
	</PmtInf>
</CBIPaymentRequest>
