<?xml version="1.0" encoding="UTF-8"?>
<CBISDDReqLogMsg xmlns="urn:CBI:xsd:CBISDDReqLogMsg.00.01.00">
  <GrpHdr>
    <MsgId>20133281307140001</MsgId>
    <CreDtTm>2013-11-24T13:07:14+01:00</CreDtTm>
    <NbOfTxs>5</NbOfTxs>
    <CtrlSum>480</CtrlSum>
    <InitgPty>
      <Nm>IMPRESA SRL</Nm>
      <Id>
        <OrgId>
          <Othr>
            <Id>1006322V</Id>
            <Issr>CBI</Issr>
          </Othr>
        </OrgId>
      </Id>
    </InitgPty>
  </GrpHdr>
  <PmtInf>
    <PmtInfId>1</PmtInfId>
    <PmtMtd>DD</PmtMtd>
    <BtchBookg>false</BtchBookg>
    <PmtTpInf>
      <SvcLvl>
        <Cd>SEPA</Cd>
      </SvcLvl>
      <LclInstrm>
        <Cd>CORE</Cd>
      </LclInstrm>
      <SeqTp>RCUR</SeqTp>
    </PmtTpInf>
    <ReqdColltnDt>2013-11-24</ReqdColltnDt>
    <Cdtr>
      <Nm>IMPRESA SRL</Nm>
    </Cdtr>
    <CdtrAcct>
      <Id>
        <IBAN>IT89S9999999999999999999999</IBAN>
      </Id>
    </CdtrAcct>
    <CdtrAgt>
      <FinInstnId>
        <ClrSysMmbId>
          <MmbId>99999</MmbId>
        </ClrSysMmbId>
      </FinInstnId>
    </CdtrAgt>
    <CdtrSchmeId>
      <Id>
        <PrvtId>
          <Othr>
            <Id>IT59ZZZ0000096897870158</Id>
          </Othr>
        </PrvtId>
      </Id>
    </CdtrSchmeId>
    <DrctDbtTxInf>
      <PmtId>
        <InstrId>1</InstrId>
        <EndToEndId>0001</EndToEndId>
      </PmtId>
      <InstdAmt Ccy="EUR">150</InstdAmt>
      <DrctDbtTx>
        <MndtRltdInf>
          <MndtId>123456</MndtId>
          <DtOfSgntr>2013-08-13</DtOfSgntr>
        </MndtRltdInf>
      </DrctDbtTx>
      <Dbtr>
        <Nm>MARIO ROSSI</Nm>
      </Dbtr>
      <DbtrAcct>
        <Id>
          <IBAN>IT60X0542811101000000123456</IBAN>
        </Id>
      </DbtrAcct>
    </DrctDbtTxInf>
    <DrctDbtTxInf>
      <PmtId>
        <InstrId>2</InstrId>
        <EndToEndId>0002</EndToEndId>
      </PmtId>
      <InstdAmt Ccy="EUR">120</InstdAmt>
      <DrctDbtTx>
        <MndtRltdInf>
          <MndtId>654321</MndtId>
          <DtOfSgntr>2013-05-15</DtOfSgntr>
        </MndtRltdInf>
      </DrctDbtTx>
      <Dbtr>
        <Nm>LUIGI BIANCHI</Nm>
      </Dbtr>
      <DbtrAcct>
        <Id>
          <IBAN>IT60X0542811101000000123456</IBAN>
        </Id>
      </DbtrAcct>
    </DrctDbtTxInf>
    <DrctDbtTxInf>
      <PmtId>
        <InstrId>3</InstrId>
        <EndToEndId>0003</EndToEndId>
      </PmtId>
      <InstdAmt Ccy="EUR">90</InstdAmt>
      <DrctDbtTx>
        <MndtRltdInf>
          <MndtId>123321</MndtId>
          <DtOfSgntr>2013-07-12</DtOfSgntr>
        </MndtRltdInf>
      </DrctDbtTx>
      <Dbtr>
        <Nm>GIULIA RUSSO</Nm>
      </Dbtr>
      <DbtrAcct>
        <Id>
          <IBAN>IT60X0542811101000000123456</IBAN>
        </Id>
      </DbtrAcct>
    </DrctDbtTxInf>
  </PmtInf>
  <PmtInf>
    <PmtInfId>2</PmtInfId>
    <PmtMtd>DD</PmtMtd>
    <BtchBookg>false</BtchBookg>
    <PmtTpInf>
      <SvcLvl>
        <Cd>SEPA</Cd>
      </SvcLvl>
      <LclInstrm>
        <Cd>CORE</Cd>
      </LclInstrm>
      <SeqTp>FRST</SeqTp>
    </PmtTpInf>
    <ReqdColltnDt>2013-11-25</ReqdColltnDt>
    <Cdtr>
      <Nm>IMPRESA SRL</Nm>
    </Cdtr>
    <CdtrAcct>
      <Id>
        <IBAN>IT60X0542811101000000123456</IBAN>
      </Id>
    </CdtrAcct>
    <CdtrAgt>
      <FinInstnId>
        <ClrSysMmbId>
          <MmbId>99999</MmbId>
        </ClrSysMmbId>
      </FinInstnId>
    </CdtrAgt>
    <CdtrSchmeId>
      <Id>
        <PrvtId>
          <Othr>
            <Id>IT59ZZZ0000096897870158</Id>
          </Othr>
        </PrvtId>
      </Id>
    </CdtrSchmeId>
    <DrctDbtTxInf>
      <PmtId>
        <InstrId>4</InstrId>
        <EndToEndId>0004</EndToEndId>
      </PmtId>
      <InstdAmt Ccy="EUR">50</InstdAmt>
      <DrctDbtTx>
        <MndtRltdInf>
          <MndtId>987654</MndtId>
          <DtOfSgntr>2013-11-11</DtOfSgntr>
        </MndtRltdInf>
      </DrctDbtTx>
      <Dbtr>
        <Nm>MARIA VERDI</Nm>
      </Dbtr>
      <DbtrAcct>
        <Id>
          <IBAN>IT60X0542811101000000123456</IBAN>
        </Id>
      </DbtrAcct>
    </DrctDbtTxInf>
    <DrctDbtTxInf>
      <PmtId>
        <InstrId>5</InstrId>
        <EndToEndId>0005</EndToEndId>
      </PmtId>
      <InstdAmt Ccy="EUR">70</InstdAmt>
      <DrctDbtTx>
        <MndtRltdInf>
          <MndtId>345543</MndtId>
          <DtOfSgntr>2013-11-13</DtOfSgntr>
        </MndtRltdInf>
      </DrctDbtTx>
      <Dbtr>
        <Nm>LORENZO BIANCHI</Nm>
      </Dbtr>
      <DbtrAcct>
        <Id>
          <IBAN>IT60X0542811101000000123456</IBAN>
        </Id>
      </DbtrAcct>
    </DrctDbtTxInf>
  </PmtInf>
</CBISDDReqLogMsg>
